@article{Birchfield1998,
author = {Birchfield, S. and Tomasi, C.},
doi = {10.1109/ICCV.1998.710850},
file = {:home/daniel/Desktop/RoboCupCode/Papers and Books/Matching/Depth discontinuities by pixel to pixel stereo.pdf:pdf},
isbn = {81-7319-221-9},
journal = {Sixth International Conference on Computer Vision (IEEE Cat. No.98CH36271)},
pages = {1073--1080},
publisher = {Narosa Publishing House},
title = {{Depth discontinuities by pixel-to-pixel stereo}},
url = {http://ieeexplore.ieee.org/lpdocs/epic03/wrapper.htm?arnumber=710850},
year = {1998}
}



@article{Bergstra2012,
author = {Bergstra, James and Bengio, Yoshua},
file = {:home/daniel/Desktop/RoboCupCode/Papers and Books/Improvements/Random Search for Hyper-Parameter Optimisation.pdf:pdf},
keywords = {deep learning,global optimization,model selection,neural networks,response surface},
pages = {281--305},
title = {{Random Search for Hyper-Parameter Optimization}},
volume = {13},
year = {2012}
}
@article{Chen2011,
author = {Chen, Qiu and Lee, Feifei and Kotani, Koji and Ohmi, Tadahiro},
file = {:home/daniel/Desktop/RoboCupCode/Papers and Books/Improvements/Local Image Descriptor using VQ-SIFT for Image Retrieval.pdf:pdf},
keywords = {descriptor,image retrieval,local,sift feature,vector quantization histogram},
pages = {622--626},
title = {{Local Image Descriptor using VQ-SIFT for Image Retrieval}},
year = {2011}
}
@article{Punjani,
author = {Punjani, Ali and Fleet, David J},
file = {:home/daniel/Desktop/RoboCupCode/Papers and Books/Improvements/Fast Search in Hamming Space with Multi-index Hashing.pdf:pdf},
title = {{Fast Search in Hamming Space with Multi-Index Hashing Mohammad Norouzi}}
}





@article{Thrun2002,
author = {Thrun, Sebastian},
file = {:D$\backslash$:/University of Edinburgh/Semester I/IRR/IRR Research Review Report/Probabilistic Robotics Thrun Burgard Fox.pdf:pdf},
journal = {Communications of the ACM},
publisher = {ACM},
title = {{Probabilistic robotics}},
url = {http://dl.acm.org/citation.cfm?id=504754},
volume = {45},
year = {2002}
}

@Misc{Bhuman,
author = {Rofer T., Laue T., Muller J. },
title = {B-human Team Report and Code Release 2011},
year = {2011},
note = {http://www.b-human.de/downloads/bhuman11\_coderelease.pdf, Last Accessed 15 August 2012},
}

@Misc{edinferno,
author = {University of Edinburgh},
title = {The Edinferno Robocup Team Website},
year = {2011},
note = {http://wcms.inf.ed.ac.uk/ipab/robocup/, Last Accessed 15 August 2012},
}


@article{Briggs,
author = {Briggs, Amy and Scharstein, Daniel},
file = {:C$\backslash$:/Users/Daniel/AppData/Local/Mendeley Ltd./Mendeley Desktop/Downloaded/Briggs, Scharstein - Unknown - Feature Matching Across 1D Panoramas.pdf:pdf},
title = {{Feature Matching Across 1D Panoramas}}
}

@book{Banzal2007,
  title={Data and Computer Network Communication},
  author={Banzal, S.},
  isbn={9788131801390},
  url={http://books.google.co.uk/books?id=5xNzTwTGwewC},
  year={2007},
  publisher={Laxmi Publications Pvt Ltd}
}
@article{Briggs,
author = {Briggs, Amy and Scharstein, Daniel},
file = {:home/daniel/Desktop/RoboCupCode/Papers and Books/Papers/Feature Matching Across 1D Panoramas.pdf:pdf},
title = {{Feature Matching Across 1D Panoramas}}
}

@Misc{opensurf,
author = {Evans, C.},
title = {OpenSURF - The Official Home Page of the Image Processing Library},
note = {http://www.chrisevansdev.com/computer-vision-opensurf.html, Last Accessed 12 July 2012},
annote = {}
}


@article{Leutenegger2011,
author = {Leutenegger, Stefan and Chli, Margarita and Siegwart, Roland Y.},
doi = {10.1109/ICCV.2011.6126542},
file = {:home/daniel/Desktop/RoboCupCode/Papers and Books/Papers/Feature Extraction/BRISK Binary Robust Invariant Scalable Keypoints.pdf:pdf},
isbn = {978-1-4577-1102-2},
journal = {2011 International Conference on Computer Vision},
month = nov,
pages = {2548--2555},
publisher = {Ieee},
title = {{BRISK: Binary Robust invariant scalable keypoints}},
url = {http://ieeexplore.ieee.org/lpdocs/epic03/wrapper.htm?arnumber=6126542},
year = {2011}
}
@article{Mair2010,
author = {Mair, Elmar and Hager, G and Burschka, Darius and Suppa, Michael},
file = {:home/daniel/Desktop/RoboCupCode/Papers and Books/AGAST.pdf:pdf},
keywords = {adaptive,agast,ast,corner detector,efficient,generic},
pages = {183--196},
title = {{Adaptive and generic corner detection based on the accelerated segment test}},
url = {http://www.springerlink.com/index/5nv7941h32t65740.pdf},
year = {2010}
}
@article{Rosten2006,
author = {Rosten, Edward},
file = {:home/daniel/Desktop/RoboCupCode/Papers and Books/Papers/Feature Extraction/“Machine learning for high speed corner detection.pdf:pdf},
pages = {1--14},
title = {{Machine learning for high-speed corner detection}},
url = {http://www.springerlink.com/index/y11g42n05q626127.pdf},
year = {2006}
}
@article{Evans2009,
author = {Evans, Christopher},
file = {:home/daniel/Desktop/RoboCupCode/Papers and Books/opensurf.pdf:pdf},
number = {1},
title = {{Notes on the OpenSURF Library SURF : Speeded Up Robust Features}},
year = {2009}
}
@article{Bay2008,
author = {Bay, Herbert and Ess, Andreas and Tuytelaars, Tinne},
file = {:home/daniel/Desktop/RoboCupCode/Papers and Books/Papers/Speeded Up Robust Features - SURF.pdf:pdf},
journal = {Computer Vision and Image},
keywords = {camera calibration,feature description,interest points,local features,object recognition},
number = {September},
title = {{Speeded-up robust features (SURF)}},
url = {http://www.sciencedirect.com/science/article/pii/S1077314207001555},
year = {2008}
}
@article{Lowe2004,
author = {Lowe, David G.},
doi = {10.1023/B:VISI.0000029664.99615.94},
file = {:home/daniel/Desktop/RoboCupCode/Papers and Books/Matching/Distinctive Image Features from Scale-Invariant Keypoints.pdf:pdf},
issn = {0920-5691},
journal = {International Journal of Computer Vision},
month = nov,
number = {2},
pages = {91--110},
title = {{Distinctive Image Features from Scale-Invariant Keypoints}},
url = {http://www.springerlink.com/openurl.asp?id=doi:10.1023/B:VISI.0000029664.99615.94},
volume = {60},
year = {2004}
}
@article{Barfoot2005,
author = {Barfoot, TD},
file = {:D$\backslash$:/University of Edinburgh/Semester II/IRP - Informatics Research Proposal/Papers/Localisation/Online Visual Motion Estimation using FastSLAM with SIFT Features.pdf:pdf},
journal = {Intelligent Robots and Systems, 2005.(IROS 2005},
title = {{Online visual motion estimation using fastslam with sift features}},
url = {http://ieeexplore.ieee.org/xpls/abs\_all.jsp?arnumber=1545444},
year = {2005}
}

@article{Aulinas2011,
author = {Aulinas, Josep and Carreras, Marc and Llado, Xavier and Salvi, Joaquim and Garcia, Rafael and Prados, Ricard and Petillot, Yvan R.},
doi = {10.1109/Oceans-Spain.2011.6003474},
file = {:home/daniel/Desktop/Link to IRP - Informatics Research Proposal/Papers/Localisation/Feature Extraction for Underwater Visual SLAM.pdf:pdf},
isbn = {978-1-4577-0086-6},
journal = {OCEANS 2011 IEEE - Spain},
month = jun,
pages = {1--7},
publisher = {Ieee},
title = {{Feature extraction for underwater visual SLAM}},
url = {http://ieeexplore.ieee.org/lpdocs/epic03/wrapper.htm?arnumber=6003474},
year = {2011}
}



@article{Se2001,
author = {Se, Stephen and Lowe, David},
file = {:C$\backslash$:/Users/Daniel/AppData/Local/Mendeley Ltd./Mendeley Desktop/Downloaded/Se, Lowe, Little - Unknown - Vision-based Mobile Robot Localization And Mapping using Scale-Invariant Features.pdf:pdf},
journal = {Robotics and Automation, 2001.},
title = {{Vision-based mobile robot localization and mapping using scale-invariant features}},
url = {http://ieeexplore.ieee.org/xpls/abs\_all.jsp?arnumber=932909},
year = {2001}
}
@article{Se2002,
author = {Se, S and Lowe, D},
file = {:D$\backslash$:/University of Edinburgh/Semester II/IRP - Informatics Research Proposal/Papers/Localisation/Mobile Robot Localisation and Mapping with uncertainty using Scale-Invariant Visual Landmarks.pdf:pdf},
journal = {The international Journal of robotics},
keywords = {localization,mapping,visual landmarks},
number = {8},
pages = {735--758},
title = {{Mobile robot localization and mapping with uncertainty using scale-invariant visual landmarks}},
url = {http://ijr.sagepub.com/content/21/8/735.short},
volume = {21},
year = {2002}
}

@article{Davison2007,
author = {Davison, AJ and Reid, ID and Molton, ND},
file = {:D$\backslash$:/University of Edinburgh/Semester II/IRP - Informatics Research Proposal/Papers/MonoSLAM/MonoSLAM Real-Time Single Camera SLAM.pdf:pdf},
journal = {Pattern Analysis and},
pages = {1--24},
title = {{MonoSLAM: Real-time single camera SLAM}},
url = {http://www2.tku.edu.tw/~tkjse/14-2/05-ME9806 .pdf http://vision.middlebury.edu/~briggs/Research/omnivis05.pdf http://ieeexplore.ieee.org/xpls/abs\_all.jsp?arnumber=4160954},
year = {2007}
}
@article{Wang2011,
author = {Wang, YT and Hung, DY},
file = {:D$\backslash$:/University of Edinburgh/Semester II/IRP - Informatics Research Proposal/Papers/MonoSLAM/Monocular SLAM for a Small-Size Humanoid Robot.pdf:pdf},
journal = {淡江理工學刊},
keywords = {humanoid robot,image feature initialization,simultaneous localization and mapping,slam,speeded up robust features,surf},
number = {2},
pages = {123--129},
title = {{Monocular SLAM for a Small-Size Humanoid Robot}},
url = {http://ieeexplore.ieee.org/xpls/abs\_all.jsp?arnumber=4160954 http://www2.tku.edu.tw/~tkjse/14-2/05-ME9806 .pdf},
volume = {14},
year = {2011}
}


@article{Se,
author = {Se, Stephen and Lowe, David and Little, Jim},
file = {:media/DATA/University of Edinburgh/Semester II/IRP - Informatics Research Proposal/Papers/Localisation/Vision‐based Mobile Robot Localization and Scale Invariant Features Main.pdf:pdf},
journal = {Science},
title = {{Vision-based Mobile Robot Localization And Mapping using Scale-Invariant Features}}
}

@article{Gil,
author = {Gil, Arturo and Pay, Luis},
file = {:media/DATA/University of Edinburgh/Semester II/IRP - Informatics Research Proposal/Papers/Localisation/Monte Carlo Localization Using SIFT Features.pdf:pdf},
title = {{Monte Carlo Localization Using SIFT Features}}
}

@article{Laue,
author = {Laue, Tim and R\"{o}fer, Thomas},
file = {:media/DATA/University of Edinburgh/Semester II/IRP - Informatics Research Proposal/Papers/Localisation/Particle Filter-based State Estimation in a Competitive and Uncertain Environment.pdf:pdf},
keywords = {modelling,noise,robotics},
title = {{Particle Filter-based State Estimation in a Competitive and Uncertain Environment Keywords The Domain of this Research}}
}

@article{Lui2012,
author = {Lui, W. L. D. and Jarvis, R.},
doi = {10.1177/0278364911435160},
file = {:D$\backslash$:/University of Edinburgh/Semester II/IRP - Informatics Research Proposal/Papers/A pure vision-based topological SLAM.pdf:pdf},
issn = {0278-3649},
journal = {The International Journal of Robotics Research},
keywords = {appearance-based,autonomous navigation,loop closure,place recognition,topological slam,vision-based approach},
month = feb,
title = {{A pure vision-based topological SLAM system}},
url = {http://ijr.sagepub.com/cgi/doi/10.1177/0278364911435160},
year = {2012}
}

@article{Team2012,
author = {Team, DN},
file = {:D$\backslash$:/University of Edinburgh/Semester II/IRP - Informatics Research Proposal/Papers/QualificationDutchNaoTeam2012.pdf:pdf},
journal = {Science},
pages = {1--6},
title = {{Dutch Nao Team}},
url = {http://www.dutchnaoteam.nl/wp-content/uploads/2012/01/QualificationDutchNaoTeam2012.pdf, Last Accessed 15 August 2012},
year = {2012}
}

@Misc{Robocup,
author = {Robocup},
title = {About Robocup},
note = {http://www.robocup.org/about-robocup/, Last Accessed 15 August 2012},
}

@Misc{StandardPlatform,
author = {Robocup},
title = {Standard Platform League},
note = {http://www.tzi.de/spl/bin/view/Website/WebHome, Last Accessed 15 August 2012},
}

@Misc{Rules,
author = {Robocup},
title = {RoboCup Standard Platform League (Nao) Rule Book},
note = {http://www.tzi.de/spl/pub/Website/Downloads/Rules2011.pdf, Last Accessed 15 August 2012},
}



@book{Szeliski2010,
author = {Szeliski, Richard},
file = {:home/daniel/Desktop/Link to IRP - Informatics Research Proposal/Papers/Feature Extraction/Computer Vision and Applications.pdf:pdf},
title = {{Computer vision: algorithms and applications}},
url = {http://books.google.com/books?hl=en\&lr=\&id=bXzAlkODwa8C\&oi=fnd\&pg=PR9\&dq=Computer+Vision+:+Algorithms+and+Applications\&ots=gY-651jFCC\&sig=2nXUqrrodlFZPklqBpfdJZLGEx4},
year = {2010}
}


@article{Powell2006,
author = {Powell, MW and Crockett, Thomas},
file = {:home/daniel/Desktop/Link to IRP - Informatics Research Proposal/Papers/Localisation/Targeting and Localisation for Mars Rover Operations.pdf:pdf},
journal = {Information Reuse \ldots},
title = {{Targeting and localization for mars rover operations}},
url = {http://ieeexplore.ieee.org/xpls/abs\_all.jsp?arnumber=4018459},
year = {2006}
}
@article{Di2008,
author = {Di, K and Wang, J and He, S},
file = {:home/daniel/Desktop/Link to IRP - Informatics Research Proposal/Papers/Localisation/Towrads Autonomous Mar's Rover Localisation.pdf:pdf},
journal = {Int. Arch. \ldots},
keywords = {absolute orientation,bundle adjustment,close range photogrammetry,computer vision,matching,navigation},
title = {{Towards autonomous mars rover localization: Operations in 2003 MER mission and new developments for future missions}},
url = {http://shoreline.eng.ohio-state.edu/people/bw/publications/di08\_isprs08\_mars\_rover.pdf},
year = {2008}
}
@article{Thomas,
author = {Thomas, Stephen},
file = {:home/daniel/Desktop/Link to IRP - Informatics Research Proposal/Papers/Localisation/Real Time Stereo Visual SLAM for Autonomous Underwater Vehicles.pdf:pdf},
journal = {amcomputersystems.com},
title = {{Real-time stereo visual SLAM for autonomous underwater vehicles}},
url = {http://www.amcomputersystems.com/vibot/vibots/thomas/thomas\_paper.pdf}
}


@article{Bailey2006b,
abstract = {This tutorial provides an introduction to the Simultaneous Localisation and Mapping (SLAM) method and the extensive research on SLAM that has been undertaken. Part I of this tutorial described the essential SLAM problem. Part II of this tutorial (this paper) is concerned with recent advances in computational methods and in new formulations of the SLAM problem for large scale and complex environments.},
author = {Bailey, Tim and Durrant-Whyte, Hugh},
doi = {10.1109/MRA.2006.1678144},
file = {:D$\backslash$:/University of Edinburgh/Semester I/IRR/SLAM/GeneralSLAM/Simultaneous Localisation and Mapping (SLAM)Part II State of the Art.pdf:pdf},
issn = {10709932},
journal = {Computational Complexity},
number = {3},
pages = {1--10},
title = {{Simultaneous Localisation and Mapping ( SLAM ): Part II State of the Art}},
url = {http://ieeexplore.ieee.org/lpdocs/epic03/wrapper.htm?arnumber=1678144},
volume = {13},
year = {2006}
}
@article{Durrant2006,
annote = {349 Citations},
author = {Durrant-whyte, Hugh and Bailey, Tim},
file = {:C$\backslash$:/Users/Daniel/AppData/Local/Mendeley Ltd./Mendeley Desktop/Downloaded/Durrant-whyte, Bailey - 2006 - Simultaneous Localisation and Mapping ( SLAM ) Part I The Essential Algorithms.pdf:pdf},
journal = {History},
pages = {1--9},
title = {{Simultaneous Localisation and Mapping ( SLAM ): Part I The Essential Algorithms}},
year = {2006}
}

@article{Juan2009,
author = {Juan, Luo},
file = {:D$\backslash$:/University of Edinburgh/Semester II/IRP - Informatics Research Proposal/Papers/A Comparison of SIFT, PCA-SIFT and SURF.pdf:pdf},
journal = {International Journal of Image Processing},
keywords = {knn,pca-sift,ransac,robust detectors,sift,surf},
number = {4},
pages = {143--152},
title = {{A comparison of sift, pca-sift and surf}},
url = {http://www.cscjournals.org/csc/manuscriptinfo.php?ManuscriptCode=72.73.72.79.44.52.48.99},
year = {2009}
}

@Misc{darpa2012,
author = {DARPA},
title = {Darpa Robotics Challenge},
note = {http://www.darpa.mil/Our\_ Work/TTO/Programs/DARPA\_ Robotics\_ Challenge.aspx, Last Accessed 15 August 2012},
}


@article{Saxena,
author = {Saxena, Ashutosh},
file = {:home/daniel/Desktop/RoboCupCode/Papers and Books/Image Geometry/Make3D$\backslash$: Learning 3D Scene Structure from a Single Still Image.pdf:pdf},
journal = {Pattern Analysis and Machine \ldots},
pages = {1--16},
title = {{Make3d: Learning 3d scene structure from a single still image}},
url = {http://ieeexplore.ieee.org/xpls/abs\_all.jsp?arnumber=4531745},
year = {2009}
}


@article{Briggs,
author = {Briggs, Amy},
file = {:home/daniel/.local/share/data/Mendeley Ltd./Mendeley Desktop/Downloaded/Briggs, Li - 2005 - Feature matching across 1D panoramas.pdf:pdf},
journal = {Proc. IEEE Workshop on \ldots},
title = {{Feature matching across 1D panoramas}},
url = {http://vision.middlebury.edu/~briggs/Research/omnivis05.pdf},
year = {2005}
}


@article{Anderson,
author = {Anderson, Peter and Yusmanthia, Yongki and Hengst, Bernhard and Sowmya, Arcot},
file = {:home/daniel/Desktop/RoboCupCode/Papers and Books/2012-RobotLocalisationUsingNaturalLandmarks.pdf:pdf},
pages = {1--12},
title = {{Robot Localisation Using Natural Landmarks}}
}
@article{Calonder,
author = {Calonder, Michael and Lepetit, Vincent},
file = {:home/daniel/Desktop/RoboCupCode/Papers and Books/Papers/Feature Extraction/BRIEF.pdf:pdf},
journal = {Computer Vision–ECCV 2010},
title = {{Brief: Binary robust independent elementary features}},
url = {http://www.springerlink.com/index/h8h1824827036042.pdf},
year = {2010}
}

@article{Laue,
author = {Laue, Tim and R\"{o}fer, Thomas},
file = {:media/DATA/University of Edinburgh/Semester II/IRP - Informatics Research Proposal/Papers/Localisation/Particle Filter-based State Estimation in a Competitive and Uncertain Environment.pdf:pdf},
keywords = {modelling,noise,robotics},
title = {{Particle Filter-based State Estimation in a Competitive and Uncertain Environment Keywords The Domain of this Research}}
}

@article{Evans2009,
author = {Evans, Christopher},
file = {:home/daniel/Desktop/RoboCupCode/Papers and Books/opensurf.pdf:pdf},
journal = {University of Bristol Tech Rep CSTR09001 January},
number = {1},
title = {{Notes on the OpenSURF Library SURF: Speeded Up Robust Features}},
url = {http://scholar.google.com/scholar?hl=en\&btnG=Search\&q=intitle:Notes+on+the+OpenSURF+Library+SURF+:+Speeded+Up+Robust+Features\#0},
year = {2009}
}
@article{Way1996,
author = {Cox, IJ and Hingorani, SL},
file = {:home/daniel/Desktop/RoboCupCode/Papers and Books/Matching/A Maximum Likelihood Stereo Algorithm.pdf:pdf},
journal = {Computer vision and image \ldots},
number = {May},
pages = {542--567},
title = {{A maximum likelihood stereo algorithm}},
url = {http://www.dccia.ua.es/dccia/inf/asignaturas/VT/cvgip.pdf},
year = {1996}
}




@Misc{NaoHead,
author = {Aldebaran Robotics},
title = {Nao Hardware},
note = {http://www.aldebaran-robotics.com/documentation/nao/hardware/video.html, Last Accessed 15 August 2012},
}

@Misc{StreetView,
author = {Google},
title = {Google Street View API},
note = {https://developers.google.com/maps/documentation/streetview/},
annote = {Last Accessed 26 July 2012}
}

@article{AndersonTechnical,
author = {Anderson, Peter and Yusmanthia, Yongki},
file = {:home/daniel/.local/share/data/Mendeley Ltd./Mendeley Desktop/Downloaded/Anderson, Yusmanthia - Unknown - Natural landmark localisation for RoboCup.pdf:pdf},
journal = {cgi.cse.unsw.edu.au},
number = {3293464},
pages = {1--8},
title = {{Natural landmark localisation for RoboCup}},
url = {http://cgi.cse.unsw.edu.au/~robocup/2011site/reports/AndersonYusmanthia-NaturalLandmarks.pdf}
}