@article{Briggs,
author = {Briggs, Amy and Scharstein, Daniel},
file = {:home/daniel/Desktop/RoboCupCode/Papers and Books/Papers/Feature Matching Across 1D Panoramas.pdf:pdf},
title = {{Feature Matching Across 1D Panoramas}}
}
@article{Way1996,
author = {Way, Independence and Maggs, Bruce M},
file = {:home/daniel/Desktop/RoboCupCode/Papers and Books/Matching/A Maximum Likelihood Stereo Algorithm.pdf:pdf},
number = {May},
pages = {542--567},
title = {{A Maximum Likelihood Stereo Algorithm}},
year = {1996}
}
@Misc{opensurf,
OPTkey = {•},
author = {Evans, C.},
title = {OpenSURF - The Official Home Page of the Image Processing Library},
OPThowpublished = {•},
OPTmonth = {•},
OPTyear = {•},
note = {http://www.chrisevansdev.com/computer-vision-opensurf.html},
annote = {Last Accessed 12 July 2012}
}
@article{Evans2009,
author = {Evans, Christopher},
file = {:home/daniel/Desktop/RoboCupCode/Papers and Books/opensurf.pdf:pdf},
OPTnumber = {1},
title = {{Notes on the OpenSURF Library SURF -  Speeded Up Robust Features}},
year = {2009}
}
@article{Anderson,
author = {Anderson, Peter and Yusmanthia, Yongki and Hengst, Bernhard and Sowmya, Arcot},
file = {:home/daniel/Desktop/RoboCupCode/Papers and Books/2012-RobotLocalisationUsingNaturalLandmarks.pdf:pdf},
pages = {1--12},
title = {{Robot Localisation Using Natural Landmarks}}
}
@article{Calonder,
author = {Calonder, Michael and Lepetit, Vincent and Strecha, Christoph and Fua, Pascal},
file = {:home/daniel/Desktop/RoboCupCode/Papers and Books/Papers/Feature Extraction/BRIEF.pdf:pdf},
title = {{BRIEF : Binary Robust Independent Elementary Features ⋆}}
}
@article{Leutenegger2011,
author = {Leutenegger, Stefan and Chli, Margarita and Siegwart, Roland Y.},
doi = {10.1109/ICCV.2011.6126542},
file = {:home/daniel/Desktop/RoboCupCode/Papers and Books/Papers/Feature Extraction/BRISK Binary Robust Invariant Scalable Keypoints.pdf:pdf},
isbn = {978-1-4577-1102-2},
journal = {2011 International Conference on Computer Vision},
month = nov,
pages = {2548--2555},
publisher = {Ieee},
title = {{BRISK: Binary Robust invariant scalable keypoints}},
url = {http://ieeexplore.ieee.org/lpdocs/epic03/wrapper.htm?arnumber=6126542},
year = {2011}
}
@article{Mair2010,
author = {Mair, Elmar and Hager, G and Burschka, Darius and Suppa, Michael},
file = {:home/daniel/Desktop/RoboCupCode/Papers and Books/AGAST.pdf:pdf},
keywords = {adaptive,agast,ast,corner detector,efficient,generic},
pages = {183--196},
title = {{Adaptive and generic corner detection based on the accelerated segment test}},
url = {http://www.springerlink.com/index/5nv7941h32t65740.pdf},
year = {2010}
}
@article{Rosten2006,
author = {Rosten, Edward},
file = {:home/daniel/Desktop/RoboCupCode/Papers and Books/Papers/Feature Extraction/“Machine learning for high speed corner detection.pdf:pdf},
pages = {1--14},
title = {{Machine learning for high-speed corner detection}},
url = {http://www.springerlink.com/index/y11g42n05q626127.pdf},
year = {2006}
}
@article{Evans2009,
author = {Evans, Christopher},
file = {:home/daniel/Desktop/RoboCupCode/Papers and Books/opensurf.pdf:pdf},
number = {1},
title = {{Notes on the OpenSURF Library SURF : Speeded Up Robust Features}},
year = {2009}
}
@article{Bay2008,
author = {Bay, Herbert and Ess, Andreas and Tuytelaars, Tinne},
file = {:home/daniel/Desktop/RoboCupCode/Papers and Books/Papers/Speeded Up Robust Features - SURF.pdf:pdf},
journal = {Computer Vision and Image},
keywords = {camera calibration,feature description,interest points,local features,object recognition},
number = {September},
title = {{Speeded-up robust features (SURF)}},
url = {http://www.sciencedirect.com/science/article/pii/S1077314207001555},
year = {2008}
}
@article{Lowe2004,
author = {Lowe, David G.},
doi = {10.1023/B:VISI.0000029664.99615.94},
file = {:home/daniel/Desktop/RoboCupCode/Papers and Books/Matching/Distinctive Image Features from Scale-Invariant Keypoints.pdf:pdf},
issn = {0920-5691},
journal = {International Journal of Computer Vision},
month = nov,
number = {2},
pages = {91--110},
title = {{Distinctive Image Features from Scale-Invariant Keypoints}},
url = {http://www.springerlink.com/openurl.asp?id=doi:10.1023/B:VISI.0000029664.99615.94},
volume = {60},
year = {2004}
}

